@book{Birman75,
AUTHOR                                           = {Birman, J. S.},
TITLE                                            = {{B}raids, links,
and mapping class groups},
NOTE                                             = {Based on lecture notes by James Cannon},
PUBLISHER                                        = {Princeton University Press},
ADDRESS                                          = {Princeton, N. J.},
YEAR                                             = {1975},
PAGES                                            = {1},
MRCLASS                                          = {55A25},
MRNUMBER                                         = {MR0425944 (54 \#13894)},
}
@book{Farb08,
AUTHOR                                           = {Farb, B. and Margalit, D.},
TITLE                                            = {A Primer on Mapping Class Groups},
PUBLISHER                                        = {Princeton
University Press},
YEAR                                             = {2011},
}
@book{Volklein96,
AUTHOR                                           = {V{\"o}lklein, H.},
TITLE                                            = {Groups as {G}alois groups},
SERIES                                           = {Cambridge Studies in Advanced Mathematics},
VOLUME                                           = {53},
NOTE                                             = {An introduction},
PUBLISHER                                        = {Cambridge University Press},
ADDRESS                                          = {Cambridge},
YEAR                                             = {1996},
PAGES                                            = {xviii+248},
ISBN                                             = {0-521-56280-5},
MRCLASS                                          = {12F12},
MRNUMBER                                         = {MR1405612 (98b:12003)},
MRREVIEWER                                       = {Martin Epkenhans}
}
@article{Volklein94,
title                                            = {{Moduli spaces for covers of the Riemann sphere}},
author                                           = {V{\"o}lklein, H.},
journal                                          = {Israel Journal of Mathematics},
volume                                           = {85},
number                                           = {1},
pages                                            = {407--430},
year                                             = {1994},
publisher                                        = {Springer}
}
@book{Breuer00,
title                                            = {Characters and automorphism groups of compact Riemann surfaces},
author                                           = {Breuer, T.},
volume                                           = {280},
year                                             = {2000},
publisher                                        = {Cambridge University Press}
}

@manual{GAP4,
key                                              = "GAP",
organization                                     = "The GAP~Group",
title                                            = "{GAP -- Groups, Algorithms, and Programming,
Version 4.4.12}",
year                                             = 2008,
url                                              = "\verb+(https://www.gap-system.org)+",
}
@manual{MAPCLASS,
key                                              = "MAPCLASS",
author                                           = {James, A. and
Magaard, K. and Shpectorov, S. and V\"{o}lklein,
H.},
title                                            = "{MAPCLASS: A
package for mapping class orbit computation}",
year                                             = 2011,
url                                              = "\verb+(https://web.mat.bham.ac.uk/S.Shpectorov/mapclass/)+",
}

@article{MSV,
title                                            = {The locus of curves with prescribed automorphism group.},
author                                           = {Magaard, K. and Shaska, T. and Shpectorov, S. and V\"{o}lklein,
H.},
journal                                          = {Communications in arithmetic fundamental groups (Kyoto,
1999/2000)},
year                                             = {2002}
}
@article{MSW11,
title                                            = {Generating sets of Affine groups of low genus},
author                                           = {Magaard, K. and Shpectorov, S. and Wang, G.},
journal                                          = {Arxiv preprint arXiv:1108.4833},
year                                             = {2011}
}
